@book{muscheler,
  title = "Familienrecht",
  author = "Karlheinz Muscheler",
  edition = 3,
  publisher = "Franz Vahlen",
  year = 2013,
  location = "München"
}
@book{ipsen,
  title = "Staatsrecht I",
  subtitle = "Staatsorganisationsrecht",
  shorttitle = "StaatsR I",
  author = "Jörn Ipsen",
  edition = 25,
  publisher = "Franz Vahlen",
  year = 2013,
  location = "München"
}

@article{ahrens-21-thesen,
  title = "21 Thesen zur Störerhaftung im UWG und im Recht des Geistigen Eigentums",
  author = "Hans-Jürgen Ahrens",
  journaltitle = "WRP",
  year = 2007,
  pages = "1281-1290"}

@incollection{germann,
  author = "Michael Germann",
  title = "Der menschliche Körper als Gegenstand der Religionsfreiheit",
  pages = "35-58",
  editor = "Bernd-Rüdiger Kern and Hans Lilie",
  booktitle = "Jurisprudenz zwischen Medizin und Kultur. Festschrift zum 70. Geburtstag von Gerfried Fischer.",
  shorttitle = "FS Fischer",
  location = "Frankfurt am Main",
  year = 2010
}

@commentary{erman14,
  title = "Erman Bürgerliches Gesetzbuch, Handkommentar",
  shorthand = "Erman",
  editor = {Harm Peter Westermann and Barbara Grunewald and Georg Maier-Reimer},
  gender = "pm",
  edition = 14,
  location = "Köln",
  year = 2014,
  options = {citebytitle,useauthor=false,useeditor=false}
}
@commentary{palandt15,
  title = "Bürgerliches Gesetzbuch mit Nebengesetzen",
  editor = "Otto Palandt",
  editortype = "founder",
  shorthand = "Palandt",
  gender = "sm",
  edition = 74,
  year = 2015,
  location = "München",
}
@commentary{fischer62,
  title = "Strafgesetzbuch mit Nebengesetzen, Kommentar",
  shorttitle = "StGB",
  editor = "Thomas Fischer",
  gender = "sm",
  edition = 62,
  year = 2015,
  location = "München",
  publisher = "C.\,H. Beck"
}
@commentary{leipzig06,
  title = "Leipziger Kommentar zum Strafgesetzbuch",
  shorthand = "LK-StGB",
  editor = "Heinrich Wilhelm Laufhütte and Ruth Rissing-van Saan and Klaus Tiedemann",
  edition = 12,
  location = "Berlin",
  year = 2006,
  options = {citebytitle,useauthor=false,useeditor=false}
}

@jurisdiction{bverfg-lueth,
  author = {{BVerfG}},
  gender = "sn",
  date = "1958-01-15",
  az = "1 BvR 400/51",
  primary = "BVerfGE 7, 198",
  type = "Urteil",
  title = "Lüth",
  options = {primamtl}}

@jurisdiction{lg-koeln-njw-2012-2128,
  author = {{LG Köln}},
  gender = "sn",
  date = "2012-05-07",
  type = "Urteil",
  az = "Ns 169/11",
  primary = "NJW 2012, 2128",
  secondary = "FamRZ 2012, 1421"
}

@manual{biblatex,
  author = "Philipp Lehman and Philip Kime and Audrey Boruvka and Joseph Wright",
  title = "The Biblatex package",
  subtitle = "Programmable Bibliographies and Citations",
  gender = "pm",
  date = "2015-04-20",
  version = "3.0.0",
  langid = "english",
  pagination = "section"
}

@inbook{handbuch,
  author = "Max Mustermann",
  title = "Verträge im Kauf- und Werkvertragsrecht",
  booktitle = "Anwaltshandbuch für diverses Recht",
  pages = "110-195",
  chapter = "\S\,23",
  editor = "Keiner Niemand and Sonst Wer",
  location = "Frankfurt an der Oder",
  year = 1999
}

@inproceedings{konferenzband,
  eventtitle = "8. Bayreuther Forum für Wirtschafts- und Medienrecht",
  eventdate = "2012-01-27/2012-01-28",
  venue = "Bayreuth",
  organization = "Forschungsstelle für Wirtschafts- und Medienrecht an der Universität Bayreuth",
  booktitle = "Der Schutz des Geistigen Eigentums im Internet",
  editor = "Stefan Leible",
  date = "2012",
  location = "Tübingen",
  author = "Jan Eichelberger",
  title = "Urheberrecht und Streaming",
  pages = "17-46",
}

@legislation{bt-drs18-5453,
  author = {{Deutscher Bundestag}},
  title = "Entwurf eines Gesetzes zur Aufhebung des Artikel-10-Gesetzes und weiterer Gesetze mit Befugnis für die Nachrichtendienste des Bundes zu Beschränkungen von Artikel 10 des Grundgesetzes",
  type = "Drucksache",
  number = "18/5453",
  shorthand = "BT-Drs. 18/5453",
  date = "2015-07-02"
}
@legislation{lt-drs16-9078,
  author = {{Landtag des Landes Nordrhein-Westfalen}},
  title = "Gesetz zur Änderung gesetzlicher Befristungen im Zusammenhang mit der ländlichen Bodenordnung, Entwurf",
  type = "Drucksache",
  number = "16/9078",
  shorthand = "LTNW-Drs. 16/9078",
  date = "2015-06-25"
}

@thesis{mantz-offenenetze,
  author = "Reto Mantz",
  title = "Rechtsfragen offener Netze",
  subtitle = "Rechtliche Gestaltung und Haftung des Access Providers in zugangsoffenen (Funk-)Netzen",
  location = "Karlsruhe",
  year = 2008,
  institution = "Universität Karlsruhe",
  type = "diss. jur.",
  url = "https://publikationen.bibliothek.kit.edu/1000007749/227614",
  urldate = "2019-12-24"}

@report{studie,
  author = "Hans-Jörg Albrecht and Philip Brunst and Els de Busser and Volker Grundies and Michael Kilching and Johanna Rinceanu and Brigitte Kenzel and Nina Nikolova and Sophie Rotino and Moritz Tauschwitz",
  title = "Schutzlücken durch Wegfall der Vorratsdatenspeicherung?",
  subtitle = "Eine Untersuchung zu Problemen der Gefahrenabwehr und Strafverfolgung bei Fehlen gespeicherter Telekommunikationsverkehrsdaten",
  type = "Gutachten",
  institution = "Max-Planck-Institut für ausländisches und internationales Strafrecht",
  year = 2011,
  location = "Freiburg im Breisgau"
}

@online{blogpost,
  author = "Oliver García",
  title = "Das Strafbefehlsverfahren — Gerichte auf Autopilot?",
  date = "2015-03-23",
  url =  "http://blog.delegibus.com/4110",
  urldate = "2015-08-07"
}

@reference{lexikon,
  title = "Deutsches Wörterbuch",
  editor = "Karl-Dieter Bünting",
  year = 1996,
  publisher = "Isis Verlag AG",
  location = "Chur"
}

@legal{bgb,
  title = "Bürgerliches Gesetzbuch",
  shorttitle = "BGB",
  origdate = "2002-01-02",
  date = "2012-12-20",
  note = "BGBl. I S. 2749",
  pagination = "section"
}
@legal{vertrag,
  title = "Wichtiger Vertrag",
  origdate = "2014-05-06",
  pagination = "section"
}
@legislation{kom-2003-702,
  author = {{Kommission der Europäischen Gemeinschaften}},
  title = "Erster Bericht über die Anwendung der Richtlinie
    2000/31/EG des Europäischen Parlaments und des Rates
    vom 8. Juni 2000 über bestimmte rechtliche Aspekte der
    Dienste der Informationsgesellschaft, insbesondere des
    elektronischen Geschäftsverkehrs, im Binnenmarkt",
  type = "KOM",
  date = "2003-11-21",
  number = "702 endg.",
  shorthand = "KOM(2003) 702 endg."}
