@book{muscheler,
  title = "Familienrecht",
  author = "Karlheinz Muscheler",
  edition = 3,
  publisher = "Franz Vahlen",
  year = 2013,
  location = "München"
}
@book{ipsen,
  title = "Staatsrecht I",
  subtitle = "Staatsorganisationsrecht",
  shorttitle = "StaatsR I",
  author = "Jörn Ipsen",
  edition = 25,
  publisher = "Franz Vahlen",
  year = 2013,
  location = "München"
}

@article{hoernle-huster,
  author = "Tatjana Hörnle and Stefan Huster",
  title = "Wie weit reicht das Erziehungsrecht der Eltern?",
  subtitle = "Am Beispiel der Beschneidung von Jungen",
  journaltitle = "JZ",
  year = 2013,
  pages = "328-339"
}

@incollection{germann,
  author = "Michael Germann",
  title = "Der menschliche Körper als Gegenstand der Religionsfreiheit",
  pages = "35-58",
  editor = "Bernd-Rüdiger Kern and Hans Lilie",
  booktitle = "Jurisprudenz zwischen Medizin und Kultur. Festschrift zum 70. Geburtstag von Gerfried Fischer.",
  shorttitle = "FS Fischer",
  location = "Frankfurt am Main",
  year = 2010
}

@commentary{erman14,
  title = "Bürgerliches Gesetzbuch, Handkommentar",
  shorthand = "Erman",
  editor = {Harm Peter Westermann and Barbara Grunewald and Georg Maier-Reimer},
  gender = "pm",
  edition = 14,
  location = "Köln",
  year = 2014,
}
@commentary{palandt15,
  title = "Bürgerliches Gesetzbuch mit Nebengesetzen",
  shorthand = "Palandt",
  editor = "Otto Palandt",
  editortype = "founder",
  gender = "sm",
  edition = 74,
  year = 2015,
  location = "München",
}
@commentary{fischer62,
  title = "Strafgesetzbuch mit Nebengesetzen, Kommentar",
  shorttitle = "StGB",
  editor = "Thomas Fischer",
  gender = "sm",
  edition = 62,
  year = 2015,
  location = "München",
  publisher = "C.\,H. Beck"
}
@commentary{leipzig06,
  maintitle = "Leipziger Kommentar zum Strafgesetzbuch",
  shorthand = "LK-StGB",
  editor = "Heinrich Wilhelm Laufhütte and Ruth Rissing-van Saan and Klaus Tiedemann",
  edition = 12,
  location = "Berlin",
  year = 2006,
}

@jurisdiction{bverfge-24-236,
  author = "BVerfG",
  gender = "sn",
  date = "1968-10-16",
  type = "Entscheidung",
  az = "1 BvR 241/66",
  primary = "BVerfGE 24, 236",
  secondary = "NJW 1967, 1234",
  title = "Fiktivtitel",
  options = {primamtl}
}

@jurisdiction{lg-koeln-njw-2012-2128,
  author = {{LG Köln}},
  gender = "sn",
  date = "2012-05-07",
  type = "Urteil",
  az = "Ns 169/11",
  primary = "NJW 2012, 2128",
  secondary = "FamRZ 2012, 1421"
}
